%% This BibTeX bibliography file was created using BibDesk.
%% http://bibdesk.sourceforge.net/


%% Created for John Novembre at 2014-11-11 06:12:40 -0600 


%% Saved with string encoding Unicode (UTF-8) 




@article{Alexander:2009aa,
	Author = {David H. Alexander and John Novembre and Kenneth Lange},
	Journal = {Genome Res.},
	Pages = {1655--64},
	Title = {Fast model-based estimation of ancestry in unrelated individuals},
	Volume = {19},
	Year = {2009}}

@article{Anastasio:2011aa,
	Author = {Alison E. Anastasio and Alexander Platt and Matthew Horton and Erich Grotewold and Randy Scholl and Justin O. Borevitz and Magnus Nordborg and Joy Bergelson},
	Journal = {Plant J.},
	Pages = {554--566},
	Title = {Source verification of misidentified \textit{{A}rabidopsis thaliana} accessions},
	Volume = {67},
	Year = {2011}}

@article{Auton:2009aa,
	Author = {Adam Auton and Katarzyna Bryc and Adam R. Boyko and Kirk E. Lohmueller and John Novembre and Andy Reynolds and Amit Indap and Mark H. Wright and Jeremiah D. Degenhardt and Ryan N. Gutenkunst and Karen S. King and Matthew R. Nelson and Carlos D. Bustamante},
	Journal = {Genome Res.},
	Pages = {795--803},
	Title = {Global distribution of genomic diversity underscores rich complex history of continental human populations},
	Volume = {19},
	Year = {2009}}

@article{Babic:2002uq,
	Author = {D. Babi\'{c} and D. J. Klein and I. Lukovits and S. Nikoli\'{c} and N. Trinajsti\'{c}},
	Journal = {Int. J. Quantum. Chem.},
	Pages = {166--176},
	Title = {Resistance-distance matrix: a computational algorithm and its application},
	Volume = {90},
	Year = {2002}}

@article{Bahlo:2001fk,
	Author = {Melanie Bahlo and Robert C. Griffiths},
	Journal = {J. Math. Biol.},
	Pages = {397--410},
	Title = {Coalescence time for two genes from a subdivided population},
	Volume = {43},
	Year = {2001}}

@book{Bapat:1997uq,
	Address = {Cambridge, UK},
	Author = {R. B. Bapat and T. E. S. Raghavan},
	Publisher = {Cambridge University Press},
	Title = {Nonnegative matrices and applications},
	Year = {1997}}

@article{Beaumont:1996aa,
	Author = {Mark A. Beaumont and Richard A. Nichols},
	Journal = {Proc. Biol. Sci.},
	Pages = {1471--2954},
	Title = {Evaluating Loci for Use in the Genetic Analysis of Population Structure},
	Volume = {263},
	Year = {1996}}

@article{Beaumont:2004aa,
	Author = {Mark A. Beaumont and David J. Balding},
	Journal = {Proc. Natl. Acad. Sci. U.S.A.},
	Pages = {969--980},
	Title = {Identifying adaptive genetic divergence among populations from genome scans},
	Volume = {13},
	Year = {2004}}

@article{Becquet:2007aa,
	Author = {Celine Becquet and Molly Przeworski},
	Journal = {Genome Res.},
	Pages = {1505--1519},
	Title = {A new approach to estimate parameters of speciation models with application to apes},
	Volume = {17},
	Year = {2007}}

@article{Beerli:2001fk,
	Author = {Peter Beerli and Joseph Felsenstein},
	Journal = {Proc. Natl. Acad. Sci. U.S.A.},
	Pages = {4563--4568},
	Title = {Maximum likelihood estimation of a migration matrix and effective population sizes in $n$ subpopulations by using a coalescent approach},
	Volume = {98},
	Year = {2001}}

@article{Beerli:2006fk,
	Author = {Peter Beerli},
	Journal = {Bioinformatics},
	Pages = {341--345},
	Title = {Comparison of Bayesian and maximum-likelihood inference of population genetic parameters},
	Volume = {22},
	Year = {2006}}

@article{Bowden:2012aa,
	Author = {Rory Bowden and Tammie S. MacFie and Simon Myers and Garrett Hellenthal and Eric Nerrienet and Ronald E. Bontrop and Colin Freeman and Peter Donnelly and Nicholas I. Mundy},
	Journal = {PLoS Genet.},
	Pages = {e1002504},
	Title = {Genomic Tools for Evolution and Conservation in the Chimpanzee: \textit{Pan troglodytes ellioti} Is a Genetically Distinct Population},
	Volume = {8},
	Year = {2012}}

@article{Bradburd:2013aa,
	Author = {Gideon S. Bradburd and Peter L. Ralph and Graham M. Coop},
	Journal = {Evolution},
	Pages = {3258--3273},
	Title = {Disentangling the effects of geographic and ecological isolation on genetic differentiation},
	Volume = {67},
	Year = {2013}}

@incollection{Byers:2002xx,
	Author = {Simon D. Byers and Adrian E. Raftery},
	Booktitle = {Spatial Cluster Modeling},
	Editor = {Andrew B. Lawson and David G.T. Denison},
	Pages = {109--121},
	Publisher = {Chapman\&Hall},
	Title = {Bayesian estimation and segmentation of spatial point processes using {V}oronoi tilings},
	Year = {2002}}

@article{Campbell:2005aa,
	Author = {Catarina D Campbell and Elizabeth L Ogburn and Kathryn L Lunetta and Helen N Lyon and Matthew L Freedman and Leif C Groop and David Altshuler and Kristin G Ardlie and Joel N Hirschhorn},
	Journal = {Nat. Genet.},
	Pages = {868--72},
	Title = {Demonstrating stratification in a {E}uropean {A}merican population},
	Volume = {37},
	Year = {2005}}

@article{Cavalli-Sforza:1967aa,
	Author = {Luigi Luca Cavalli-Sforza and A. W. F. Edwards},
	Journal = {Am. J. Hum. Genet.},
	Pages = {233--257},
	Title = {Phylogenetic analysis. {M}odels and estimation procedures},
	Volume = {19},
	Year = {1967}}

@book{Cavalli-Sforza:1994aa,
	Address = {Princeton, NJ},
	Author = {Luigi Luca Cavalli-Sforza and Paolo Menozzi and Alberto Piazza},
	Publisher = {Princeton University Press},
	Title = {The history and geography of human genes},
	Year = {1994}}

@article{Chen:2010aa,
	Author = {Hua Chen and Nick Patterson and David Reich},
	Journal = {Genome Res.},
	Pages = {393--402},
	Title = {Population differentiation as a test for selective sweeps},
	Volume = {20},
	Year = {2010}}

@article{Clark:2005uq,
	Author = {Andrew G. Clark and Melissa J. Hubisz and Carlos D. Bustamante and Scott H. Williamson and Rasmus Nielsen},
	Journal = {Genome Res.},
	Pages = {1496--1502},
	Title = {Ascertainment bias in studies of human genome-wide polymorphism},
	Volume = {15},
	Year = {2005}}

@article{Cockerham:1969ij,
	Author = {C. Clark Cockerham},
	Journal = {Evolution},
	Pages = {72--84},
	Title = {Variance of Gene Frequencies},
	Volume = {23},
	Year = {1969}}

@article{Comstock:2002aa,
	Author = {Kenine E. Comstock and Nicholas Georgiadis and Jill Pecon-Slattery and Alfred L. Roca and Elaine A. Ostrander and Stephen J. O'Brien and Samuel K. Wasser},
	Journal = {Molecular Ecology},
	Pages = {2489--2498},
	Title = {Patterns of molecular genetic variation among {A}frican elephant populations},
	Volume = {11},
	Year = {2002}}

@article{DeGiorgio:2013aa,
	Author = {Michael DeGiorgio and Noah A. Rosenberg},
	Journal = {Mol. Biol. Evol.},
	Pages = {480--488},
	Title = {Geographic sampling scheme as a determinant of the major axis of genetic variation in principal components analysis},
	Volume = {30},
	Year = {2013}}

@article{Duforet-Frebourg:2012aa,
	Author = {Nicolas Duforet-Frebourg and Michael G. B. Blum},
	Journal = {Evolution},
	Pages = {1110--1123},
	Title = {Nonstationary patterns of isolation-by-distance: inferring measures of local genetic differentiation with {B}ayesian kriging},
	Volume = {68},
	Year = {2014}}

@article{Falush:2003uq,
	Author = {Daniel Falush and Matthew Stephens and Jonathan K. Pritchard},
	Journal = {Genetics},
	Pages = {471--492},
	Title = {Inference of Population Structure Using Multilocus Genotype Data: Linked Loci and Correlated Allele Frequencies},
	Volume = {164},
	Year = {2003}}

@article{Felsenstein:1973aa,
	Author = {Joseph Felsenstein},
	Journal = {Am. J. Hum. Genet.},
	Pages = {471--492},
	Title = {Maximum-likelihood estimation of evolutionary trees from continuous characters},
	Volume = {25},
	Year = {1973}}

@article{Felsenstein:1975uq,
	Author = {Joseph Felsenstein},
	Journal = {Am. Nat.},
	Pages = {359--368},
	Title = {A Pain in the Torus: Some Difficulties with Models of Isolation by Distance},
	Volume = {109},
	Year = {1975}}

@article{Georgiadis:1994aa,
	Author = {N. Georgiadis and L. Bischof and A. Templeton and J. Patton and W. Karesh and D. Western},
	Journal = {J Hered.},
	Pages = {100--104},
	Title = {Structure and history of {A}frican elephant populations: I. {E}astern and southern {A}frica},
	Volume = {85},
	Year = {1994}}

@article{Gonder:2011aa,
	Author = {Mary Katherine Gonder and Sabrina Locatelli and Lora Ghobrial and Matthew W. Mitchell and Joseph T. Kujawski and Felix J. Lankester and Caro-Beth Stewart and Sarah A. Tishkoff},
	Journal = {Proc. Natl. Acad. Sci. U.S.A.},
	Pages = {4766--4771},
	Title = {Evidence from {C}ameroon reveals differences in the genetic structure and histories of chimpanzee populations},
	Volume = {108},
	Year = {2011}}

@article{Gower:1982fk,
	Author = {J. C. Gower},
	Journal = {Math. Sci.},
	Pages = {1--14},
	Title = {Euclidean Distance Geometry},
	Volume = {7},
	Year = {1982}}

@article{Guillot:2005fk,
	Author = {Gilles Guillot and Arnaud Estoup and Fr\'{e}d\'{e}ric Mortier and Jean Fran\c{c}ois Cosson},
	Journal = {Genetics},
	Pages = {1261--1280},
	Title = {A spatial statistical model for landscape genetics},
	Volume = {170},
	Year = {2005}}

@article{Hanks:2013aa,
	Author = {Ephraim M. Hanks and Mevin B. Hooten},
	Journal = {J. Am. Stat. Assoc.},
	Pages = {22--33},
	Title = {Circuit Theory and Model-Based Inference for Landscape Connectivity},
	Volume = {108},
	Year = {2013}}

@article{Henn:2011aa,
	Author = {Brenna M. Henn and Christopher R. Gignoux and Matthew Jobin and Julie M. Granka and J. M. Macpherson and Jeffrey M. Kidd and Laura Rodr\'{i}guez-Botigu\'{e} and Sohini Ramachandran and Lawrence Hon and Abra Brisbin and Alice A. Lin and Peter A. Underhill and David Comas and Kenneth K. Kidd and Paul J. Norman and Peter Parham and Carlos D. Bustamante and Joanna L. Mountain and Marcus W. Feldman},
	Journal = {Proc. Natl. Acad. Sci. U.S.A.},
	Pages = {5154--5162},
	Title = {Hunter-gatherer genomic diversity suggests a southern {A}frican origin for modern humans},
	Volume = {108},
	Year = {2011}}

@article{Hey:1991fk,
	Author = {Jody Hey},
	Journal = {Theor. Popul. Biol.},
	Pages = {30--48},
	Title = {A multi-dimensional coalescent process applied to multi-allelic selection models and migration models},
	Volume = {39},
	Year = {1991}}

@article{Hinch:2011kx,
	Author = {Anjali G. Hinch and Arti Tandon and Nick Patterson and Yunli Song and Nadin Rohland and Cameron D. Palmer and Gary K. Chen and Kai Wang and Sarah G. Buxbaum and Ermeg L. Akylbekova and Melinda C. Aldrich and Christine B. Ambrosone and Christopher Amos and Elisa V. Bandera and Sonja I. Berndt and Leslie Bernstein and William J. Blot and Cathryn H. Bock and Eric Boerwinkle and Qiuyin Cai and Neil Caporaso and Graham Casey and L. Adrienne Cupples and Sandra L. Deming and W. Ryan Diver and \textit{et al.}},
	Journal = {Nature},
	Pages = {170--175},
	Title = {The landscape of recombination in {A}frican {A}mericans},
	Volume = {476},
	Year = {2011}}

@article{Horton:2012uq,
	Author = {Matthew W Horton and Angela M Hancock and Yu S Huang and Christopher Toomajian and Susanna Atwell and Adam Auton and N Wayan Muliyati and Alexander Platt and F Gianluca Sperone and Bjarni J Vilhj\'{a}lmsson and Magnus Nordborg and Justin O Borevitz and Joy Bergelson},
	Journal = {Nat. Genet.},
	Pages = {212--216},
	Title = {Genome-wide patterns of genetic variation in worldwide \textit{{A}rabidopsis thaliana} accessions from the {R}eg{M}ap panel},
	Volume = {44},
	Year = {2012}}

@article{Hubisz:2009uq,
	Author = {Melissa J. Hubisz and Daniel Falush and Matthew Stephens and Jonathan K. Pritchard},
	Journal = {Mol. Ecol. Resour.},
	Pages = {1322--1332},
	Title = {Inferring weak population structure with the assistance of sample group information},
	Volume = {9},
	Year = {2009}}

@incollection{Hudson:1990kx,
	Author = {Richard R. Hudson},
	Booktitle = {Oxford surveys in evolutionary biology},
	Editor = {Douglas Futuyma and Janis Antonovics},
	Pages = {1--44},
	Publisher = {Oxford University Press},
	Title = {Gene genealogies and the coalescent process},
	Volume = {7},
	Year = {1990}}

@article{Hudson:2002fk,
	Author = {Richard R. Hudson},
	Journal = {Bioinformatics},
	Pages = {337--338},
	Title = {Generating samples under a {W}right-{F}isher neutral model of genetic variation},
	Volume = {18},
	Year = {2002}}

@article{Kimura:1964uq,
	Author = {Motoo Kimura and George H. Weiss},
	Journal = {Genetics},
	Pages = {561--576},
	Title = {The stepping stone model of population structure and the decrease of genetic correlation with distance},
	Volume = {49},
	Year = {1964}}

@article{Kimura:1969fk,
	Author = {Motoo Kimura},
	Journal = {Genetics},
	Pages = {893--903},
	Title = {The Number of Heterozygous Nucleotide Sites Maintained in a Finite Population Due to Steady Flux of Mutations},
	Volume = {61},
	Year = {1969}}

@article{Klein:1993kx,
	Author = {D. J. Klein and M. Randi\'{c}},
	Journal = {J. Math. Chem.},
	Pages = {81--95},
	Title = {Resistance distance},
	Volume = {12},
	Year = {1993}}

@article{Kronforst:2006aa,
	Author = {Marcus R. Kronforst and Laura G. Young and Lauren M. Blume and Lawrence E. Gilbert},
	Journal = {Evolution},
	Pages = {1254--68},
	Title = {Multilocus analyses of admixture and introgression among hybridizing \textit{{H}eliconius} butterflies},
	Volume = {60},
	Year = {2006}}

@article{Lao:2008ly,
	Author = {Oscar Lao and Timothy T. Lu and Michael Nothnagel and Olaf Junge and Sandra Freitag-Wolf and Amke Caliebe and Miroslava Balascakova and Jaume Bertranpetit and Laurence A. Bindoff and David Comas and Gunilla Holmlund and Anastasia Kouvatsi and Milan Macek and Isabelle Mollet and Walther Parson and Jukka Palo and Rafal Ploski and Antti Sajantila and Adriano Tagliabracci and Ulrik Gether and Thomas Werge and Fernando Rivadeneira and Albert Hofman and Andr\'{e} G. Uitterlinden and Christian Gieger and Heinz-Erich Wichmann and Andreas R\"{u}ther and Stefan Schreiber and Christian Becker},
	Journal = {Curr Biol.},
	Pages = {1241--1248},
	Title = {Correlation between Genetic and Geographic Structure in {E}urope},
	Volume = {18},
	Year = {2008}}

@article{Lawson:2012fk,
	Author = {Daniel John Lawson and Garrett Hellenthal and Simon Myers and Daniel Falush},
	Journal = {PLoS Genet.},
	Pages = {e1002453},
	Title = {Inference of Population Structure using Dense Haplotype Data},
	Volume = {8},
	Year = {2012}}

@article{Leslie:2015aa,
	Author = {Stephen Leslie and Bruce Winney and Garrett Hellenthal and Dan Davison and Abdelhamid Boumertit and Tammy Day and Katarzyna Hutnik and Ellen C. Royrvik and Barry Cunliffe and Wellcome Trust Case Control Consortium 2 and International Multiple Sclerosis Genetics Consortium and Daniel J. Lawson and Daniel Falush and Colin Freeman and Matti Pirinen and Simon Myers and Mark Robinson and Peter Donnelly and Walter Bodmer},
	Journal = {Nature},
	Pages = {309--314},
	Title = {The fine-scale genetic structure of the {B}ritish population},
	Volume = {519},
	Year = {2015}}

@article{Li:2008ys,
	Author = {Jun Z. Li and Devin M. Absher and Hua Tang and Audrey M. Southwick and Amanda M. Casto and Sohini Ramachandran and Howard M. Cann and Gregory S. Barsh and Marcus Feldman and Luigi L. Cavalli-Sforza and Richard M. Myers},
	Journal = {Science},
	Pages = {1100--1104},
	Title = {Worldwide Human Relationships Inferred from Genome-Wide Patterns of Variation},
	Volume = {319},
	Year = {2008}}

@article{Li:2011qf,
	Author = {Heng Li and Richard Durbin},
	Journal = {Nature},
	Pages = {493--496},
	Title = {Inference of human population history from individual whole-genome sequences},
	Volume = {475},
	Year = {2011}}

@article{Light:2004aa,
	Author = {A Light and P J Bartlein},
	Journal = {Eos},
	Pages = {385},
	Title = {The end of the rainbow? {C}olor schemes for improved data graphics},
	Volume = {85},
	Year = {2004}}

@article{Manel:2007aa,
	Author = {St\'{e}phanie Manel and Fran\c{c}oise Berthoud and E. Bellemain and M. Gaudeul and G. Luikart and J. E. Swenson and L. P. Waits and P. Taberlet and INTRABIODIV Consortium},
	Journal = {Mol. Ecol.},
	Pages = {2031--2043},
	Title = {A new individual-based spatial approach for identifying genetic discontinuities in natural populations},
	Volume = {16},
	Year = {2007}}

@article{Manni:2004aa,
	Author = {Franz Manni and Etienne Guerard and Evelyne Heyer},
	Journal = {Hum. Biol.},
	Pages = {173--190},
	Title = {Geographic Patterns of (Genetic, Morphologic, Linguistic) Variation: How Barriers Can Be Detected by Using {M}onmonier's Algorithm},
	Volume = {76},
	Year = {2004}}

@article{Mathieson:2012fk,
	Author = {Iain Mathieson and Gil McVean},
	Journal = {Nat. Genet.},
	Pages = {243--246},
	Title = {Differential confounding of rare and common variants in spatially structured populations},
	Volume = {44},
	Year = {2012}}
	
@article{McCullagh:2009fk,
	Author = {Peter McCullagh},
	Journal = {Stat. Sin.},
	Pages = {631--649},
	Title = {Marginal Likelihood for Distance Matrices},
	Volume = {19},
	Year = {2009}}

@article{McRae:2007aa,
	Author = {Brad H. McRae and Paul Beier},
	Journal = {Proc. Natl. Acad. Sci. U.S.A.},
	Pages = {19885--90},
	Title = {Circuit theory predicts gene flow in plant and animal populations},
	Volume = {104},
	Year = {2007}}

@article{McRae:2008kx,
	Author = {Brad H. McRae and Brett G. Dickson and Timothy H. Keitt and Viral B. Shah},
	Journal = {Ecology},
	Pages = {2712--2742},
	Title = {Using circuit theory to model connectivity in ecology, evolution, and conservation},
	Volume = {89},
	Year = {2008}}

@article{McRae:2006fk,
	Author = {Brad H. McRae},
	Journal = {Evolution},
	Pages = {1551--1561},
	Title = {Isolation by resistance},
	Volume = {60},
	Year = {2006}}

@article{McVean:2009fy,
	Author = {Gil McVean},
	Journal = {PLoS Genet.},
	Pages = {e1000686},
	Title = {A Genealogical Interpretation of Principal Components Analysis},
	Volume = {5},
	Year = {2009}}

@article{Menozzi:1978aa,
	Author = {Paolo Menozzi and Alberto Piazza and L. Cavalli-Sforza},
	Journal = {Science},
	Pages = {786--792},
	Title = {Synthetic Maps of Human Gene Frequencies in {E}uropeans},
	Volume = {201},
	Year = {1978}}

@article{Mondol:2014xx,
	Author = {Samrat Mondol and Ida Moltke and John Hart and Michael Keigwin and Lisa Brown and Matthew Stephens and Samuel K Wasser},
	Journal = {In review},
	Title = {A major hybrid zone of forest and savanna elephants in the northeastern part of {C}entral {A}frica},
	Year = {2014}}

@article{Nei:1973bh,
	Author = {Masatoshi Nei},
	Journal = {Proc. Natl. Acad. Sci. U.S.A.},
	Pages = {3321--3323},
	Title = {Analysis of Gene Diversity in Subdivided Populations},
	Volume = {70},
	Year = {1973}}

@article{Nelson:2008rz,
	Author = {Matthew R. Nelson and Katarzyna Bryc and Karen S. King and Amit Indap and Adam R. Boyko and John Novembre and Linda P. Briley and Yuka Maruyama and Dawn M. Waterworth and G\'{e}rard Waeber and Peter Vollenweider and Jorge R. Oksenberg and Stephen L. Hauser and Heide A. Stirnadel and Jaspal S. Kooner and John C. Chambers and Brendan Jones and Vincent Mooser and Carlos D. Bustamante and Allen D. Roses and Daniel K. Burns and Margaret G. Ehm and Eric H. Lai},
	Journal = {Am. J. Hum. Genet.},
	Pages = {347--358},
	Title = {The Population Reference Sample, {POPRES}: A Resource for Population, Disease, and Pharmacological Genetics Research},
	Volume = {83},
	Year = {2008}}

@article{Nordborg:2005aa,
	Author = {Magnus Nordborg and Tina T Hu and Yoko Ishino and Jinal Jhaveri and Christopher Toomajian and Honggang Zheng and Erica Bakker and Peter Calabrese and Jean Gladstone and Rana Goyal and Mattias Jakobsson and Sung Kim and Yuri Morozov and Badri Padhukasahasram and Vincent Plagnol and Noah A Rosenberg and Chitiksha Shah and Jeffrey D Wall and Jue Wang and Keyan Zhao and Theodore Kalbfleisch and Vincent Schulz and Martin Kreitman and Joy Bergelson},
	Journal = {PLoS Biol.},
	Pages = {e196},
	Title = {The Pattern of Polymorphism in \textit{{A}rabidopsis thaliana}},
	Volume = {3},
	Year = {2005}}

@article{Novembre:2008uq,
	Author = {John Novembre and Toby Johnson and Katarzyna Bryc and Zolt\'{a}n Kutalik and Adam R. Boyko and Adam Auton and Amit Indap and Karen S. King and Sven Bergmann and Matthew R. Nelson and Matthew Stephens and Carlos D. Bustamante},
	Journal = {Nature},
	Pages = {98--101},
	Title = {Genes mirror geography within {E}urope},
	Volume = {456},
	Year = {2008}}

@article{Novembre:2009aa,
	Author = {John Novembre and M. Slatkin},
	Journal = {Evolution},
	Pages = {2914--25},
	Title = {Inference in the continuous isolation-by-distance model: Using low-frequency alleles to estimate scaled dispersal distance},
	Volume = {63},
	Year = {2009}}
	
@article{Novembre:2008ek,
	Author = {John Novembre and Matthew Stephens},
	Journal = {Nat. Genet.},
	Pages = {646--649},
	Title = {Interpreting principal component analyses of spatial population genetic variation},
	Volume = {40},
	Year = {2008}}

@article{Ohta:1973aa,
	Author = {Tomoko Ohta and Motoo Kimura},
	Journal = {Genet. Res.},
	Pages = {201--204},
	Title = {A model of mutation appropriate to estimate the number of electrophoretically detectable alleles in a finite population},
	Volume = {22},
	Year = {1973}}

@article{OKane:1997aa,
	Author = {Steve L. O'Kane and Ihsan A. Al-Shehbaz},
	Journal = {Novon},
	Pages = {323--327},
	Title = {A Synopsis of \textit{{A}rabidopsis} ({B}rassicaceae)},
	Volume = {7},
	Year = {1997}}

@article{Patterson:2006rz,
	Author = {Nick J. Patterson and Alkes L. Price and David Reich},
	Journal = {PLoS Genet.},
	Pages = {2074--2093},
	Title = {Population Structure and Eigenanalysis},
	Volume = {2},
	Year = {2006}}

@article{Pemberton:2010aa,
	Author = {Trevor J. Pemberton and Chaolong Wang and Jun Z. Li and Noah A. Rosenberg},
	Journal = {Am. J. Hum. Genet.},
	Pages = {457--464},
	Title = {Inference of unexpected genetic relatedness among individuals in {H}ap{M}ap {P}hase {III}},
	Volume = {87},
	Year = {2010}}

@article{Pickrell:2012uq,
	Author = {Joseph K. Pickrell and Jonathan K. Pritchard},
	Journal = {PLoS Genet.},
	Pages = {e1002967},
	Title = {Inference of Population Splits and Mixtures from Genome-Wide Allele Frequency Data},
	Volume = {8},
	Year = {2012}}

@article{Platt:2010fk,
	Author = {Alexander Platt and Matthew Horton and Yu S. Huang and Yan Li and Alison E. Anastasio and Ni Wayan Mulyati and Jon \r{A}gren and Oliver Bossdorf and Diane Byers and Kathleen Donohue and Megan Dunning and Eric B. Holub and Andrew Hudson and Val\'{e}rie Le Corre and Olivier Loudet and Fabrice Roux and Norman Warthmann and Detlef Weigel and Luz Rivero and Randy Scholl and Magnus Nordborg and Joy Bergelson and Justin O. Borevitz},
	Journal = {PLoS Genet.},
	Pages = {e1000843},
	Title = {The Scale of Population Structure in \textit{{A}rabidopsis thaliana}},
	Volume = {6},
	Year = {2010}}

@article{Price:2006kx,
	Author = {Alkes L. Price and Nick J. Patterson and Robert M. Plenge and Michael E. Weinblatt and Nancy A. Shadick and David Reich},
	Journal = {Nat. Genet.},
	Pages = {904--909},
	Title = {Principal components analysis corrects for stratification in genome-wide association studies},
	Volume = {38},
	Year = {2006}}

@article{Price:2008aa,
	Author = {Alkes L Price and Johannah Butler and Nick Patterson and Cristian Capelli and Vincenzo L Pascali and Francesca Scarnicci and Andres Ruiz-Linares and Leif Groop and Angelica A Saetta and Penelope Korkolopoulou and Uri Seligsohn and Alicja Waliszewska and Christine Schirmer and Kristin Ardlie and Alexis Ramos and James Nemesh and Lori Arbeitman and David B Goldstein and David Reich and Joel N Hirschhorn},
	Journal = {PLoS Genet.},
	Pages = {e236},
	Title = {Discerning the Ancestry of {E}uropean {A}mericans in Genetic Association Studies},
	Volume = {4},
	Year = {2008}}

@article{Price:2010ys,
	Author = {Alkes L. Price and Noah A. Zaitlen and David Reich and Nick Patterson},
	Journal = {Nat. Rev. Genet.},
	Pages = {459--463},
	Title = {New approaches to population stratification in genome-wide association studies},
	Volume = {11},
	Year = {2010}}

@article{Pritchard:2000aa,
	Author = {Jonathan K. Pritchard and Matthew Stephens and Noah A. Rosenberg and Peter Donnelly},
	Journal = {Am. J. Hum. Genet.},
	Pages = {170--81},
	Title = {Association mapping in structured populations},
	Volume = {67},
	Year = {2000}}

@article{Pritchard:2000kx,
	Author = {Jonathan K. Pritchard and Matthew Stephens and Peter Donnelly},
	Journal = {Genetics},
	Pages = {945--959},
	Title = {Inference of Population Structure Using Multilocus Genotype Data},
	Volume = {155},
	Year = {2000}}

@article{Ray:2014aa,
	Author = {Anandaroop Ray and Kerry Key and Thomas Bodin and David Myer and Steven Constable},
	Journal = {Geophys. J. Int.},
	Pages = {1847--1860},
	Title = {Bayesian inversion of marine {CSEM} data from the {S}carborough gas field using a transdimensional {2-D} parametrization},
	Volume = {199},
	Year = {2014}}
	
@article{Reich:2009rz,
	Author = {David Reich and Kumarasamy Thangaraj and Nick J. Patterson and Alkes L. Price and Lalji Singh},
	Journal = {Nature},
	Pages = {489--494},
	Title = {Reconstructing {I}ndian population history},
	Volume = {461},
	Year = {2009}}

@article{Rosenberg:2005kx,
	Author = {Noah A. Rosenberg and Saurabh Mahajan and Sohini Ramachandran and Chengfeng Zhao and Jonathan K. Pritchard and Marcus W. Feldman},
	Journal = {PLoS Genet.},
	Pages = {e70},
	Title = {Clines, Clusters, and the Effect of Study Design on the Inference of Human Population Structure},
	Volume = {1},
	Year = {2005}}

@article{Rousset:1997fk,
	Author = {Fran\c{c}ois Rousset},
	Journal = {Genetics},
	Pages = {1219--1228},
	Title = {Genetic Differentiation and Estimation of Gene Flow from {F}-Statistics Under Isolation by Distance},
	Volume = {145},
	Year = {1997}}

@article{Saitou:1987aa,
	Author = {N Saitou and M Nei},
	Journal = {Mol. Biol. Evol.},
	Pages = {406--25},
	Title = {The neighbor-joining method: a new method for reconstructing phylogenetic trees},
	Volume = {4},
	Year = {1987}}

@article{Schiffels:2014aa,
	Author = {Stephan Schiffels and Richard Durbin},
	Journal = {Nat. Genet.},
	Pages = {919--925},
	Title = {Inferring human population size and separation history from multiple genome sequences},
	Volume = {46},
	Year = {2014}}
	
@article{Shriner:2014aa,
	Author = {D. Shriner and F. Tekola-Ayele and A. Adeyemo and C. N. Rotimi},
	Journal = {Sci. Rep.},
	Pages = {6055},
	Title = {Genome-wide genotype and sequence-based reconstruction of the 140,000 year history of modern human ancestry},
	Volume = {4},
	Year = {2014}}
	
@article{Slatkin:2000aa,
	Author = {M. Slatkin and B. Rannala},
	Journal = {Annu. Rev. Genomics. Hum. Genet.},
	Pages = {225--249},
	Title = {Estimating allele age},
	Volume = {1},
	Year = {2000}}

@article{Stephens:2000uq,
	Author = {Matthew Stephens},
	Journal = {Ann. Stat.},
	Pages = {40--74},
	Title = {Bayesian Analysis of Mixture Models with an Unknown Number of Components \textemdash An Alternative to Reversible Jump Methods},
	Volume = {28},
	Year = {2000}}

@article{Teeter:2008aa,
	Author = {Katherine C. Teeter and Bret A. Payseur and Leslie W. Harris and Margaret A. Bakewell and Lisa M. Thibodeau and Janelle E. O�Brien and James G. Krenz and Maria A. Sans-Fuentes and Michael W. Nachman and Priscilla K. Tucker},
	Journal = {Genome Res.},
	Pages = {67--76},
	Title = {Genome-wide patterns of gene flow across a house mouse hybrid zone},
	Volume = {18},
	Year = {2008}}

@article{Tian:2008aa,
	Author = {Chao Tian and Robert M Plenge and Michael Ransom and Annette Lee and Pablo Villoslada and Carlo Selmi and Lars Klareskog and Ann E Pulver and Lihong Qi and Peter K Gregersen and Michael F Seldin},
	Journal = {PLoS Genet.},
	Pages = {e4},
	Title = {Analysis and Application of {E}uropean Genetic Substructure Using 300{K} {SNP} Information},
	Volume = {4},
	Year = {2008}}

@article{Verbyla:1990fk,
	Author = {A. P. Verbyla},
	Journal = {Aust. J. Stat.},
	Pages = {227--230},
	Title = {A Conditional Derivation of Residual Maximum Likelihood},
	Volume = {32},
	Year = {1990}}

@article{Wang:2010kx,
	Author = {Chaolong Wang and Zachary A. Szpiech and James H. Degnan and Mattias Jakobsson and Trevor J. Pemberton and John A. Hardy and Andrew B. Singleton and Noah A. Rosenberg},
	Journal = {Stat. Appl. Genet. Mol. Biol.},
	Pages = {Article 13},
	Title = {Comparing Spatial Maps of Human Population-Genetic Variation Using {P}rocrustes Analysis},
	Volume = {9},
	Year = {2010}}

@article{Wang:2012uq,
	Author = {Chaolong Wang and Sebastian Z\"{o}llner and Noah A. Rosenberg},
	Journal = {PLoS Genet.},
	Pages = {e1002886},
	Title = {A Quantitative Comparison of the Similarity between Genes and Geography in Worldwide Human Populations},
	Volume = {8},
	Year = {2012}}

@article{Wasser:2004yg,
	Author = {Samuel K. Wasser and Andrew M. Shedlock and Kenine Comstock and Elaine A. Ostrander and Benezeth Mutayoba and Matthew Stephens},
	Journal = {Proc. Natl. Acad. Sci. U.S.A.},
	Pages = {14847--14852},
	Title = {Assigning {A}frican elephant {DNA} to geographic region of origin: Applications to the ivory trade},
	Volume = {10},
	Year = {2004}}

@article{Wasser:2007kx,
	Author = {Samuel K. Wasser and Celia Mailand and Rebecca Booth and Benezeth Mutayoba and Emily Kisamo and Bill Clark and Matthew Stephens},
	Journal = {Proc. Natl. Acad. Sci. U.S.A.},
	Pages = {4228--4233},
	Title = {Using {DNA} to track the origin of the largest ivory seizure since the 1989 trade ban},
	Volume = {104},
	Year = {2007}}

@article{Wasser:2008uq,
	Author = {Samuel K. Wasser and William Joseph Clark and Ofir Drori and Emily Stephen Kisamo and Celia Mailand and Benezeth Mutayoba and Matthew Stephens},
	Journal = {Conserv. Biol.},
	Pages = {1065--1071},
	Title = {Combating the Illegal Trade in {A}frican Elephant Ivory with {DNA} Forensics},
	Volume = {22},
	Year = {2008}}

@article{Wasser:2014xx,
	Author = {S K Wasser and L Brown and C Mailand and S Mondol and W Clark and C Laurie and B Weir},
	Journal = {Submitted},
	Title = {Genetic assignment of large seizures of elephant ivory reveals {A}frica's major poaching hotspots},
	Year = {2014}}

@article{Weiss:1965kx,
	Author = {George H. Weiss and Motoo Kimura},
	Journal = {J. Appl. Probab.},
	Pages = {129--149},
	Title = {A Mathematical Analysis of the Stepping Stone Model of Genetic Correlation},
	Volume = {2},
	Year = {1965}}

@article{Wegmann:2011fk,
	Author = {Daniel Wegmann and Darren E Kessner and Krishna R Veeramah and Rasika A Mathias and Dan L Nicolae and Lisa R Yanek and Yan V Sun and Dara G Torgerson and Nicholas Rafaels and Thomas Mosley and Lewis C Becker and Ingo Ruczinski and Terri H Beaty and Sharon L R Kardia and Deborah A Meyers and Kathleen C Barnes and Diane M Becker and Nelson B Freimer and John Novembre},
	Journal = {Nat. Genet.},
	Pages = {847--853},
	Title = {Recombination rates in admixed individuals identified by ancestry-based inference},
	Volume = {43},
	Year = {2011}}

@article{Winney:2012aa,
	Author = {Bruce Winney and Abdelhamid Boumertit and Tammy Day and Dan Davison and Chikodi Echeta and Irina Evseeva and Katarzyna Hutnik and Stephen Leslie and Kristin Nicodemus and Ellen C Royrvik and Susan Tonks and Xiaofeng Yang and James Cheshire and Paul Longley and Pablo Mateos and Alexandra Groom and Caroline Relton and D Tim Bishop and Kathryn Black and Emma Northwood and Louise Parkinson and Timothy M Frayling and Anna Steele and Julian R Sampson and Turi King and Ron Dixon and Derek Middleton and Barbara Jennings and Rory Bowden and Peter Donnelly and Walter Bodmer},
	Journal = {Eur. J. Hum. Genet.},
	Pages = {203--210},
	Title = {People of the {B}ritish {I}sles: preliminary analysis of genotypes and surnames in a {UK}-control population},
	Volume = {20},
	Year = {2012}}
	
@article{Wiuf:2000aa,
	Author = {Carsten Wiuf},
	Journal = {Theor. Popul. Biol.},
	Pages = {61--75},
	Title = {On the genealogy of a sample of neutral rare alleles},
	Volume = {58},
	Year = {2000}}
	
@article{Xing:2010aa,
	Author = {Jinchuan Xing and W. Scott Watkins and Adam Shlien and Erin Walker and Chad D. Huff and David J. Witherspoon and Yuhua Zhang and Tatum S. Simonson and Robert B. Weiss and Joshua D. Schiffman and David Malkin and Scott R. Woodward and Lynn B. Jorde},
	Journal = {Genomics},
	Pages = {199--210},
	Title = {Toward a more uniform sampling of human genetic diversity: A survey of worldwide populations by high-density genotyping},
	Volume = {96},
	Year = {2010}}

@article{Yang:2012fk,
	Author = {Wen-Yun Yang and John Novembre and Eleazar Eskin and Eran Halperin},
	Journal = {Nat. Genet.},
	Pages = {725--731},
	Title = {A model-based approach for analysis of spatial structure in genetic data},
	Volume = {44},
	Year = {2012}}
